{
  "leader": "11688cam a2200805 i 4500",
  "fields": [
    {
      "001": "ocm05574262\\"
    },
    {
      "003": "OCoLC"
    },
    {
      "005": "20221229130731.0"
    },
    {
      "008": "800115s1979\\\\\\\\mauaf\\\\\\\\b\\\\\\\\001\\0aeng\\\\"
    },
    {
      "010": {
        "ind1": "\\",
        "ind2": "\\",
        "subfields": [
          {
            "a": "   79090006 "
          }
        ]
      }
    },
    {
      "040": {
        "ind1": "\\",
        "ind2": "\\",
        "subfields": [
          {
            "a": "DLC"
          },
          {
            "b": "eng"
          },
          {
            "c": "DLC"
          },
          {
            "d": "EL{dollar}"
          },
          {
            "d": "BAKER"
          },
          {
            "d": "MUQ"
          },
          {
            "d": "OCLCQ"
          },
          {
            "d": "BTCTA"
          },
          {
            "d": "NYDWH"
          },
          {
            "d": "IBV"
          },
          {
            "d": "YDXCP"
          },
          {
            "d": "OCLCG"
          },
          {
            "d": "BOS"
          },
          {
            "d": "OTP"
          },
          {
            "d": "CKL"
          },
          {
            "d": "GEBAY"
          },
          {
            "d": "OCLCQ"
          },
          {
            "d": "BEDGE"
          },
          {
            "d": "OCLCQ"
          },
          {
            "d": "OCLCF"
          },
          {
            "d": "EEK"
          },
          {
            "d": "FUT"
          },
          {
            "d": "DEBBG"
          },
          {
            "d": "NOC"
          },
          {
            "d": "OCL"
          },
          {
            "d": "MNA"
          },
          {
            "d": "NCRJL"
          },
          {
            "d": "OCLCO"
          },
          {
            "d": "EIS"
          },
          {
            "d": "OCLCQ"
          },
          {
            "d": "OCLCO"
          },
          {
            "d": "OCLCA"
          },
          {
            "d": "TPA"
          },
          {
            "d": "OCLCQ"
          },
          {
            "d": "VLR"
          },
          {
            "d": "NLC"
          },
          {
            "d": "OCL"
          },
          {
            "d": "BNCJM"
          },
          {
            "d": "NJR"
          },
          {
            "d": "OCLCO"
          },
          {
            "d": "CSJ"
          },
          {
            "d": "CSA"
          },
          {
            "d": "OCLCO"
          },
          {
            "d": "XFF"
          },
          {
            "d": "OCLCQ"
          },
          {
            "d": "TFF"
          },
          {
            "d": "VBO"
          },
          {
            "d": "OCLCO"
          },
          {
            "d": "OCLCQ"
          },
          {
            "d": "OCLCO"
          },
          {
            "d": "GILDS"
          },
          {
            "d": "CNO"
          },
          {
            "d": "OCLCA"
          },
          {
            "d": "CCH"
          },
          {
            "d": "CUY"
          },
          {
            "d": "OCLCO"
          },
          {
            "d": "OCL"
          },
          {
            "d": "OCLCO"
          },
          {
            "d": "OCLCQ"
          },
          {
            "d": "CPO"
          },
          {
            "d": "OCLCO"
          },
          {
            "d": "CSO"
          },
          {
            "d": "OCLCO"
          },
          {
            "d": "UKMGB"
          },
          {
            "d": "VLR"
          },
          {
            "d": "OCLCO"
          },
          {
            "d": "OCLCA"
          },
          {
            "d": "OCL"
          },
          {
            "d": "HUELT"
          },
          {
            "d": "OCLCO"
          },
          {
            "d": "VNHAN"
          },
          {
            "d": "TYC"
          },
          {
            "d": "OCLCO"
          },
          {
            "d": "CBA"
          },
          {
            "d": "OCLCO"
          },
          {
            "d": "OCL"
          },
          {
            "d": "OCLCO"
          },
          {
            "d": "UWK"
          },
          {
            "d": "OCLCQ"
          },
          {
            "d": "OCLCO"
          },
          {
            "d": "UKBTH"
          },
          {
            "d": "CNCLB"
          },
          {
            "d": "OCLCA"
          },
          {
            "d": "OCL"
          },
          {
            "d": "OCLCQ"
          },
          {
            "d": "CUS"
          },
          {
            "d": "OCLCA"
          },
          {
            "d": "OCLCQ"
          },
          {
            "d": "OCLCO"
          },
          {
            "d": "OCLCA"
          },
          {
            "d": "IL4J6"
          },
          {
            "d": "OCLCO"
          },
          {
            "d": "NBMAB"
          },
          {
            "d": "OCL"
          },
          {
            "d": "EYR"
          }
        ]
      }
    },
    {
      "016": {
        "ind1": "\\",
        "ind2": "\\",
        "subfields": [
          {
            "a": "(AMICUS)000001366381"
          }
        ]
      }
    },
    {
      "016": {
        "ind1": "7",
        "ind2": "\\",
        "subfields": [
          {
            "a": "013859138"
          },
          {
            "2": "Uk"
          }
        ]
      }
    },
    {
      "019": {
        "ind1": "\\",
        "ind2": "\\",
        "subfields": [
          {
            "a": "5854029"
          },
          {
            "a": "25744815"
          },
          {
            "a": "56051471"
          },
          {
            "a": "879661393"
          },
          {
            "a": "989280661"
          },
          {
            "a": "1011174593"
          },
          {
            "a": "1119413738"
          },
          {
            "a": "1120834324"
          },
          {
            "a": "1136164741"
          },
          {
            "a": "1166419623"
          },
          {
            "a": "1166546908"
          },
          {
            "a": "1172029609"
          },
          {
            "a": "1222889494"
          },
          {
            "a": "1277089986"
          },
          {
            "a": "1327887711"
          }
        ]
      }
    },
    {
      "020": {
        "ind1": "\\",
        "ind2": "\\",
        "subfields": [
          {
            "a": "0316496618"
          }
        ]
      }
    },
    {
      "020": {
        "ind1": "\\",
        "ind2": "\\",
        "subfields": [
          {
            "a": "9780316496612"
          }
        ]
      }
    },
    {
      "033": {
        "ind1": "\\",
        "ind2": "\\",
        "subfields": [
          {
            "a": "930504"
          },
          {
            "b": "930504"
          }
        ]
      }
    },
    {
      "035": {
        "ind1": "\\",
        "ind2": "\\",
        "subfields": [
          {
            "a": "(OCoLC)5574262"
          },
          {
            "z": "(OCoLC)5854029"
          },
          {
            "z": "(OCoLC)25744815"
          },
          {
            "z": "(OCoLC)56051471"
          },
          {
            "z": "(OCoLC)879661393"
          },
          {
            "z": "(OCoLC)989280661"
          },
          {
            "z": "(OCoLC)1011174593"
          },
          {
            "z": "(OCoLC)1119413738"
          },
          {
            "z": "(OCoLC)1120834324"
          },
          {
            "z": "(OCoLC)1136164741"
          },
          {
            "z": "(OCoLC)1166419623"
          },
          {
            "z": "(OCoLC)1166546908"
          },
          {
            "z": "(OCoLC)1172029609"
          },
          {
            "z": "(OCoLC)1222889494"
          },
          {
            "z": "(OCoLC)1277089986"
          },
          {
            "z": "(OCoLC)1327887711"
          }
        ]
      }
    },
    {
      "043": {
        "ind1": "\\",
        "ind2": "\\",
        "subfields": [
          {
            "a": "n-us---"
          }
        ]
      }
    },
    {
      "050": {
        "ind1": "\\",
        "ind2": "4",
        "subfields": [
          {
            "a": "E855"
          },
          {
            "b": ".K57 1979"
          }
        ]
      }
    },
    {
      "082": {
        "ind1": "0",
        "ind2": "4",
        "subfields": [
          {
            "a": "327.73"
          },
          {
            "b": "KIS "
          }
        ]
      }
    },
    {
      "083": {
        "ind1": "0",
        "ind2": "\\",
        "subfields": [
          {
            "a": "United States. Foreign relations. Kissinger, Henry Alfred, 1969-1973 Autobiographies"
          }
        ]
      }
    },
    {
      "100": {
        "ind1": "1",
        "ind2": "\\",
        "subfields": [
          {
            "a": "Kissinger, Henry,"
          },
          {
            "d": "1923-"
          }
        ]
      }
    },
    {
      "245": {
        "ind1": "1",
        "ind2": "0",
        "subfields": [
          {
            "a": "White House years /"
          },
          {
            "c": "Henry Kissinger."
          }
        ]
      }
    },
    {
      "250": {
        "ind1": "\\",
        "ind2": "\\",
        "subfields": [
          {
            "a": "1st ed."
          }
        ]
      }
    },
    {
      "264": {
        "ind1": "\\",
        "ind2": "1",
        "subfields": [
          {
            "a": "Boston :"
          },
          {
            "b": "Little, Brown,"
          },
          {
            "c": "\u00a91979."
          }
        ]
      }
    },
    {
      "300": {
        "ind1": "\\",
        "ind2": "\\",
        "subfields": [
          {
            "a": "xxiv, 1521 pages, 24 unnumbered leaves of plates :"
          },
          {
            "b": "illustrations ;"
          },
          {
            "c": "25 cm"
          }
        ]
      }
    },
    {
      "336": {
        "ind1": "\\",
        "ind2": "\\",
        "subfields": [
          {
            "a": "text"
          },
          {
            "b": "txt"
          },
          {
            "2": "rdacontent"
          }
        ]
      }
    },
    {
      "337": {
        "ind1": "\\",
        "ind2": "\\",
        "subfields": [
          {
            "a": "unmediated"
          },
          {
            "b": "n"
          },
          {
            "2": "rdamedia"
          }
        ]
      }
    },
    {
      "338": {
        "ind1": "\\",
        "ind2": "\\",
        "subfields": [
          {
            "a": "volume"
          },
          {
            "b": "nc"
          },
          {
            "2": "rdacarrier"
          }
        ]
      }
    },
    {
      "504": {
        "ind1": "\\",
        "ind2": "\\",
        "subfields": [
          {
            "a": "Includes bibliographical references and index."
          }
        ]
      }
    },
    {
      "520": {
        "ind1": "\\",
        "ind2": "\\",
        "subfields": [
          {
            "a": "\"Dr. Kissinger recalls ... his first meeting with Nixon, his secret trip to China, the first SALT negotiation, the Jordan crisis of 1970, the India-Pakistan war of 1971 ... the historic summit meetings in Peking and Moscow ... events in Laos, the overthrow of Cambodia's Prince Sihanouk, his secret talks with the North Vietnamese in Paris, his \"peace is at hand\" news conference ... the Christmas bombing of 1972 ... Middle East conflicts, Sadat's break with the Soviets, the election of Salvador Allende in Chile, issues of defense strategy, and relations with Europe and Japan.\""
          }
        ]
      }
    },
    {
      "505": {
        "ind1": "0",
        "ind2": "\\",
        "subfields": [
          {
            "a": "pt. 1. Beginnings. An invitation : Nelson Rockefeller ; The phone call ; Meeting Richard Nixon ; Encounters at the Pierre Hotel -- Period of innocence: the transition : Getting acquainted ; The uneasy team ; Getting organized ; Turning to substance -- The convictions of an apprentice statesman : An historian's perspective ; The American experience ; Problems of a new equilibrium."
          }
        ]
      }
    },
    {
      "505": {
        "ind1": "0",
        "ind2": "\\",
        "subfields": [
          {
            "a": "pt. 2. 1969: The start of the journey. European journey : Nixon visits Europe ; Malaise of the Western Alliance ; London and the \"special relationship\" ; Bonn and Berlin and the enigma of Germany ; Rome interlude ; The colossus of de Gaulle -- Opening moves with Moscow : Introduction to Anatoly Dobrynin ; The enduring philosophical problem of US-Soviet relations ; Reflections during the transition period ; Public and congressional attitudes: a spring flurry ; The channel ; Preparing for SALT ; East-West trade ; Eastern Europe: Nixon's visit to Romania ; Conclusion -- First steps toward China : First signals ; The Ussuri River clashes ; Rumors of war ; Triangular politics -- Defense policy and strategy : Defense and the strategic balance ; The defense debate ; Antiballistic missiles (ABM) ; Multiple independently targetable reentry vehicles (MIRV) ; The attack on the defense budget ; Strategic doctrine ; Tactical nuclear weapons ; One and a half wars ; The Nixon doctrine -- The agony of Vietnam : My exposure to the quagmire ; What we found ; North Vietnamese attacks and Cambodian bombing ; Diplomacy for a peace settlement ; The Vance mission ; Return to the treadmill ; The beginning of troop withdrawals ; A secret meeting with Xuan Thuy ; Another reassessment ; The unpacifiable doves ; Groping for a strategy -- Early tests in Asia : The EC-121 shootdown ; The US-Japanese alliance ; The Okinawa negotiation ; The textile fiasco -- Words and shadows: evolution of Middle East strategy : Initiatives galore ; Middle East visitors ; Diplomacy: ever-new proposals ; Yet another initiative ; Golda Meir ; The Rogers plan ; The evolving strategy -- The uneasy alliance: Europe and the United States : Dilemmas of Europe's success ; Consultations ; De Gaulle's departure and European unity ; The common defense ; The American perception ; East-West relations in Europe ; Berlin and Brandt's Ostpolitik ; European security conference ; European leaders visit Washington: 1970 ; Second thoughts about the Common Market."
          }
        ]
      }
    },
    {
      "505": {
        "ind1": "0",
        "ind2": "\\",
        "subfields": [
          {
            "a": "pt. 3. 1970-1971: From turmoil to hope. The war widens : Return to secret negotiations ; Special Adviser Le Duc Tho and the first round of talks ; Laos interlude ; The overthrow of Sihanouk ; The April 20 troop withdrawal announcement ; The attack on North Vietnamese sanctuaries ; The elusive Communist headquarters and other battles ; The domestic travail ; The balance sheet -- The Soviet riddle: Europe, SALT, and a summit : Hot and cold ; The riddle of Soviet conduct ; Ostpolitik ; SALT and the defense debate ; Pursuing a Moscow summit -- Middle East 1970 : The Kosygin letter ; Soviet soldiers and missiles appear in Egypt ; An American diplomatic initiative ; Cease-fire and standstill ; Israel bows out of negotiations -- The autumn of crises: Jordan : Crisis in Jordan ; Iraqi-Jordanian showdown ; Hijacking crisis ; Showdown with the guerrillas ; The Syrian invasion -- The autumn of crises: Soviet submarine base at Cienfuegos : A message from Moscow ; A flotilla heads for Cienfuegos ; The showdown ; Resolution of the crisis -- The autumn of crises: Chile : Salvador Allende ; Influence and intervention: the 40 committee ; The Chilean election of 1970 ; The coup that never was ; Allende inaugurated -- An invitation to Peking : The end of the Warsaw Channel ; Triangular relationships ; The Pakistani Channel ; Ping-pong diplomacy ; Plans and aberrations -- The journey to Peking : \"Polo I\": prelude ; The Middle Kingdom: first meeting with Chou En-lai ; The announcement that shook the world ; \"The China card\" ; China at the United Nations ; \"Polo II\" ; The United Nations -- US-Soviet relations: breakthrough on two fronts : The Polish riots ; The channel becomes operational ; The SALT negotiations and the May 20 agreement ; The Berlin negotiation ; The summit finally -- The tilt: the India-Pakistan crisis of 1971 : Origins of tragedy ; Two cyclones ; Military crackdown ; The crisis accelerates ; The Soviet-Indian friendship treaty ; Contacts with the Bangladesh exiles ; Mrs. Gandhi comes to Washington ; War between India and Pakistan ; The war spreads ; Climax: a fateful decision ; The aftermath -- Crisis in the alliance: the Mansfield Amendment and the economic confrontation : Mediterranean journey ; De Gaulle's funeral and Heath's visit ; The Mansfield Amendment: the old guard steps into the breach ; The economic crisis: the second \"Nixon shock\" ; High-level consultations: the final round -- Vietnam 1970-71: forcing Hanoi's hand : Madame Binh's eight points ; The setting of a strategy ; The Laos operation ; Lam Son ; The military operation ; The marches on Washington ; The negotiations are resumed ; The South Vietnamese presidential election ; Revealing the secret talks."
          }
        ]
      }
    },
    {
      "505": {
        "ind1": "0",
        "ind2": "\\",
        "subfields": [
          {
            "a": "pt. 4. 1972: From war to peace. Nixon's trip to China : The Haig mission ; Arrival: the handshake ; Mao Tse-tung ; Walks, talks, and toasts ; The Shanghai communique\u0301 ; Assessments -- Hanoi throws the dice: the Vietnam spring offensive : Invasion ; The buildup ; Diplomatic maneuvers ; What strategy? -- The secret trip to Moscow : Preparing the summit ; Leonid Brezhnev ; Conversations with Brezhnev and Gromyko ; A disagreement with the President -- The showdown: mining of North Vietnamese harbors : Preparing for decision ; The May 2 secret meeting ; The mining of North Vietnam ; The summit in the balance ; Postlude -- The Moscow Summit : Richard Nixon in the Kremlin ; Greetings and meetings ; The Soviet power structure: Kosygin and Podgorny ; Round one on SALT: Brezhnev and Nixon ; Confrontation at the Dacha ; The SALT negotiations conclude ; Gromyko and the Middle East ; What did the summit accomplish? -- Summit aftermath : A visit to the Shah of Iran ; Return through Warsaw ; The Soviet grain deal ; European attitudes -- Sadat expels the Soviets : The death of Nasser ; The idea of an interim settlement ; The phantom memorandum ; Becoming involved ; Backchannel explorations ; Egypt opens a secret channel to the United States -- From stalemate to breakthrough : Hanoi's discomfiture ; Testing the stalemate ; A visit to Saigon ; Interlude: Meetings of September 15 and 27 ; The breakthrough: the October 8 meeting -- The troubled road to peace : Interlude in Paris ; Consultation with Thieu ; First rumblings ; Showdown with Thieu ; The journey home -- \"Peace is at hand\" : Hanoi goes public ; Election interlude ; Haig visits Saigon again ; The meetings with Le Duc Tho resume ; The December talks: breakdown of the negotiation ; The Christmas bombing ; Negotiations resume ; The January round ; Thieu relents -- Peace at last."
          }
        ]
      }
    },
    {
      "586": {
        "ind1": "\\",
        "ind2": "\\",
        "subfields": [
          {
            "a": "National Book Award in History, 1980"
          }
        ]
      }
    },
    {
      "600": {
        "ind1": "1",
        "ind2": "0",
        "subfields": [
          {
            "a": "Nixon, Richard M."
          },
          {
            "q": "(Richard Milhous),"
          },
          {
            "d": "1913-1994."
          }
        ]
      }
    },
    {
      "600": {
        "ind1": "1",
        "ind2": "0",
        "subfields": [
          {
            "a": "Kissinger, Henry,"
          },
          {
            "d": "1923-"
          }
        ]
      }
    },
    {
      "610": {
        "ind1": "1",
        "ind2": "0",
        "subfields": [
          {
            "a": "United States."
          },
          {
            "b": "Department of State"
          },
          {
            "v": "Biography."
          }
        ]
      }
    },
    {
      "651": {
        "ind1": "\\",
        "ind2": "0",
        "subfields": [
          {
            "a": "United States"
          },
          {
            "x": "Foreign relations"
          },
          {
            "y": "1969-1974."
          }
        ]
      }
    },
    {
      "650": {
        "ind1": "\\",
        "ind2": "0",
        "subfields": [
          {
            "a": "Statesmen"
          },
          {
            "z": "United States"
          },
          {
            "v": "Biography."
          }
        ]
      }
    },
    {
      "650": {
        "ind1": "\\",
        "ind2": "0",
        "subfields": [
          {
            "a": "Cabinet officers"
          },
          {
            "z": "United States"
          },
          {
            "v": "Biography."
          }
        ]
      }
    },
    {
      "650": {
        "ind1": "\\",
        "ind2": "0",
        "subfields": [
          {
            "a": "Celebrities."
          }
        ]
      }
    },
    {
      "650": {
        "ind1": "\\",
        "ind2": "0",
        "subfields": [
          {
            "a": "Politics, Practical."
          }
        ]
      }
    },
    {
      "651": {
        "ind1": "\\",
        "ind2": "0",
        "subfields": [
          {
            "a": "United States"
          },
          {
            "x": "Politics and government"
          },
          {
            "y": "1969-1974."
          }
        ]
      }
    },
    {
      "650": {
        "ind1": "\\",
        "ind2": "2",
        "subfields": [
          {
            "a": "Famous Persons"
          }
        ]
      }
    },
    {
      "650": {
        "ind1": "\\",
        "ind2": "2",
        "subfields": [
          {
            "a": "Internationality"
          }
        ]
      }
    },
    {
      "650": {
        "ind1": "\\",
        "ind2": "2",
        "subfields": [
          {
            "a": "Politics"
          }
        ]
      }
    },
    {
      "651": {
        "ind1": "\\",
        "ind2": "2",
        "subfields": [
          {
            "a": "United States"
          }
        ]
      }
    },
    {
      "600": {
        "ind1": "1",
        "ind2": "7",
        "subfields": [
          {
            "a": "Kissinger, Henry,"
          },
          {
            "d": "1923-"
          },
          {
            "2": "fast"
          },
          {
            "0": "(OCoLC)fst00031425"
          }
        ]
      }
    },
    {
      "600": {
        "ind1": "1",
        "ind2": "7",
        "subfields": [
          {
            "a": "Nixon, Richard M."
          },
          {
            "q": "(Richard Milhous),"
          },
          {
            "d": "1913-1994."
          },
          {
            "2": "fast"
          },
          {
            "0": "(OCoLC)fst00031384"
          }
        ]
      }
    },
    {
      "610": {
        "ind1": "1",
        "ind2": "7",
        "subfields": [
          {
            "a": "United States."
          },
          {
            "b": "Department of State."
          },
          {
            "2": "fast"
          },
          {
            "0": "(OCoLC)fst01802976"
          }
        ]
      }
    },
    {
      "650": {
        "ind1": "\\",
        "ind2": "7",
        "subfields": [
          {
            "a": "Politics, Practical."
          },
          {
            "2": "fast"
          },
          {
            "0": "(OCoLC)fst01069977"
          }
        ]
      }
    },
    {
      "650": {
        "ind1": "\\",
        "ind2": "7",
        "subfields": [
          {
            "a": "Politics and government."
          },
          {
            "2": "fast"
          },
          {
            "0": "(OCoLC)fst01919741"
          }
        ]
      }
    },
    {
      "650": {
        "ind1": "\\",
        "ind2": "7",
        "subfields": [
          {
            "a": "Celebrities."
          },
          {
            "2": "fast"
          },
          {
            "0": "(OCoLC)fst00850072"
          }
        ]
      }
    },
    {
      "650": {
        "ind1": "\\",
        "ind2": "7",
        "subfields": [
          {
            "a": "Cabinet officers."
          },
          {
            "2": "fast"
          },
          {
            "0": "(OCoLC)fst00843535"
          }
        ]
      }
    },
    {
      "650": {
        "ind1": "\\",
        "ind2": "7",
        "subfields": [
          {
            "a": "Diplomatic relations."
          },
          {
            "2": "fast"
          },
          {
            "0": "(OCoLC)fst01907412"
          }
        ]
      }
    },
    {
      "650": {
        "ind1": "\\",
        "ind2": "7",
        "subfields": [
          {
            "a": "Statesmen."
          },
          {
            "2": "fast"
          },
          {
            "0": "(OCoLC)fst01131990"
          }
        ]
      }
    },
    {
      "651": {
        "ind1": "\\",
        "ind2": "7",
        "subfields": [
          {
            "a": "United States."
          },
          {
            "2": "fast"
          },
          {
            "0": "(OCoLC)fst01204155"
          }
        ]
      }
    },
    {
      "648": {
        "ind1": "\\",
        "ind2": "7",
        "subfields": [
          {
            "a": "1969-1974"
          },
          {
            "2": "fast"
          }
        ]
      }
    },
    {
      "655": {
        "ind1": "\\",
        "ind2": "2",
        "subfields": [
          {
            "a": "Biography"
          }
        ]
      }
    },
    {
      "655": {
        "ind1": "\\",
        "ind2": "7",
        "subfields": [
          {
            "a": "Biographies."
          },
          {
            "2": "fast"
          },
          {
            "0": "(OCoLC)fst01919896"
          }
        ]
      }
    },
    {
      "655": {
        "ind1": "\\",
        "ind2": "7",
        "subfields": [
          {
            "a": "Biographies."
          },
          {
            "2": "lcgft"
          }
        ]
      }
    },
    {
      "856": {
        "ind1": "4",
        "ind2": "1",
        "subfields": [
          {
            "3": "Table of contents"
          },
          {
            "u": "http://bvbr.bib-bvb.de:8991/F?func=service&doc_library=BVB01&local_base=BVB01&doc_number=010007518&line_number=0001&func_code=DB_RECORDS&service_type=MEDIA"
          }
        ]
      }
    },
    {
      "856": {
        "ind1": "4",
        "ind2": "\\",
        "subfields": [
          {
            "u": "http://bvbr.bib-bvb.de:8991/F?func=service&doc_library=BVB01&local_base=BVB01&doc_number=010007518&line_number=0002&func_code=DB_RECORDS&service_type=MEDIA"
          },
          {
            "z": "Klappentext"
          }
        ]
      }
    },
    {
      "994": {
        "ind1": "\\",
        "ind2": "\\",
        "subfields": [
          {
            "a": "Z0"
          },
          {
            "b": "NYRVC"
          }
        ]
      }
    },
    {
      "948": {
        "ind1": "\\",
        "ind2": "\\",
        "subfields": [
          {
            "h": "NO HOLDINGS IN NYRVC - 3360 OTHER HOLDINGS"
          }
        ]
      }
    },
    {
      "999": {
        "ind1": "\\",
        "ind2": "\\",
        "subfields": [
          {
            "a": "00000000017759"
          },
          {
            "b": "Copy 1"
          }
        ]
      }
    },
    {
      "999": {
        "ind1": "\\",
        "ind2": "\\",
        "subfields": [
          {
            "a": "00000000017755"
          },
          {
            "b": "Copy 2"
          }
        ]
      }
    }
  ]
}